<?xml version="1.0" encoding="UTF-8"?><record xmlns="http://www.loc.gov/MARC21/slim" xmlns:cinclude="http://apache.org/cocoon/include/1.0" xmlns:zs="http://www.loc.gov/zing/srw/">
  <leader>01661cz  a2200265n  4500</leader>
  <controlfield tag="001">no 96033385 </controlfield>
  <controlfield tag="003">DLC</controlfield>
  <controlfield tag="005">20160830075348.0</controlfield>
  <controlfield tag="008">960628n| azannaabn          |n aaa     c</controlfield>
  <datafield tag="010" ind1=" " ind2=" ">
    <subfield code="a">no 96033385 </subfield>
  </datafield>
  <datafield tag="035" ind1=" " ind2=" ">
    <subfield code="a">(OCoLC)oca04109065</subfield>
  </datafield>
  <datafield tag="040" ind1=" " ind2=" ">
    <subfield code="a">CoU</subfield>
    <subfield code="b">eng</subfield>
    <subfield code="e">rda</subfield>
    <subfield code="c">CoU</subfield>
    <subfield code="d">DLC</subfield>
    <subfield code="d">NN</subfield>
  </datafield>
  <datafield tag="046" ind1=" " ind2=" ">
    <subfield code="f">1958-</subfield>
  </datafield>
  <datafield tag="100" ind1="1" ind2=" ">
    <subfield code="a">Marshall, Susan,</subfield>
    <subfield code="d">1958-</subfield>
  </datafield>
  <datafield tag="370" ind1=" " ind2=" ">
    <subfield code="f">New York (N.Y.)</subfield>
    <subfield code="f">Princeton (N.J.)</subfield>
    <subfield code="2">naf</subfield>
  </datafield>
  <datafield tag="372" ind1=" " ind2=" ">
    <subfield code="a">Dance</subfield>
    <subfield code="a">Choreography</subfield>
    <subfield code="a">Dance -- Production and direction</subfield>
    <subfield code="2">lcsh</subfield>
  </datafield>
  <datafield tag="373" ind1=" " ind2=" ">
    <subfield code="a">Susan Marshall and Company</subfield>
    <subfield code="s">1985</subfield>
    <subfield code="2">naf</subfield>
  </datafield>
  <datafield tag="373" ind1=" " ind2=" ">
    <subfield code="a">OpeĚra de Lyon. Ballet</subfield>
    <subfield code="a">Frankfurter Ballett</subfield>
    <subfield code="2">naf</subfield>
  </datafield>
  <datafield tag="373" ind1=" " ind2=" ">
    <subfield code="a">MacArthur Fellows Program</subfield>
    <subfield code="s">2000</subfield>
    <subfield code="2">naf</subfield>
  </datafield>
  <datafield tag="373" ind1=" " ind2=" ">
    <subfield code="a">Lewis Center for the Arts</subfield>
    <subfield code="a">Princeton University</subfield>
    <subfield code="s">2009</subfield>
    <subfield code="2">naf</subfield>
  </datafield>
  <datafield tag="374" ind1=" " ind2=" ">
    <subfield code="a">Choreographers</subfield>
    <subfield code="a">Theatrical producers and directors</subfield>
    <subfield code="2">lcsh</subfield>
  </datafield>
  <datafield tag="670" ind1=" " ind2=" ">
    <subfield code="a">Interior with seven figures, 1988:</subfield>
    <subfield code="b">video credits (choreographed by Susan Marshall)</subfield>
  </datafield>
  <datafield tag="670" ind1=" " ind2=" ">
    <subfield code="a">MacArthur Foundation Web site, Mar. 19, 2001</subfield>
    <subfield code="b">(Susan Marshall; artistic director/choreographer, Susan Marshall &amp; Company, New York, N.Y.)</subfield>
  </datafield>
  <datafield tag="670" ind1=" " ind2=" ">
    <subfield code="a">Biog. &amp; geneal. master index online, Mar. 19, 2001</subfield>
    <subfield code="b">(Marshall, Susan, 1958-)</subfield>
  </datafield>
  <datafield tag="670" ind1=" " ind2=" ">
    <subfield code="a">Play/Pause, 2013 November 21, 2013 :</subfield>
    <subfield code="b">credits &amp; accompanying house program (Susan Marshall; artistic director, choreographer; founded Susan Marshall &amp; Company in 1985; created works for Lyon Opera Ballet, Ballett Frankfurt, and Mikhail Baryshnikov; received the 2000 MacArthur Fellowship, three Bessie Awards for Outstanding Choreographic Achievement, Dance Magazine Award, Guggenheim Fellowship, and an American Choreographer Award; director of dance at Princeton University's Lewis Center for the Arts since September 2009)</subfield>
  </datafield>
</record>